@inproceedings{rangel2009sistema,
  title={Sistema de Inspecao de Linhas de Transmissao de Energia Electrica Utilizando Veiculos Aereos Nao-Tripulados},
  author={Rangel, Rodrigo K and Kienitz, Karl Heinz and Brand{\~a}o, Mauricio Pazini},
  booktitle={3rd CTA-DLR Workshop on Data Analysis \& Flight Control ocorrido entre},
  pages={14--16},
  year={2009}
}

@MISC{ons2013dados,
  year = {2018},
  url = {http://www.ons.org.br/sites/multimidia/Documentos%20Compartilhados/dados/dados_relevantes_2010/0206_sistema_transmissao.html},
  urlaccessdate = {24/06/2018},
  author = {ONS},
  timestamp = {2018.06.24},
  title = {Dados relevantes do sistema de transmissão 2010 - 2013}
}

@article{pagnano2013roadmap,
  title={A roadmap for automated power line inspection. Maintenance and repair},
  author={Pagnano, Angelo and H{\"o}pf, Michael and Teti, Roberto},
  journal={Procedia CIRP},
  volume={12},
  pages={234--239},
  year={2013},
  publisher={Elsevier}
}

@book{Barabasi2003-1,
	address   = {São Paulo},
	author    = {L\'aszl\'o Barab\'asi, Albert},
	publisher = {Leopardo Editora},
	title     = {Linked: A Nova Ci\^encia dos Networks},
	year      = {2003},
}

@book{Watts2003,
	address   = {New York},
	author    = {J. Watts, Duncan},
	publisher = {W W Norton \& Co.},
	title     = {Six Degrees: The Science of a Connected Age},
	year      = {2003},
}

@book{NBW2006,
	address   = {Princeton, NJ, USA},
	author    = {Mark Newman, Albert-L\'aszl\'o Barab\'asi, and Duncan J. Watts},
	publisher = {Princeton University Press},
	title     = {The Structure and Dynamics of Networks},
	year      = {2006},
}

@book{Tuft1990,
	address   = {Cheshire, England},
	author    = {Tufte, Edward},
	publisher = {Graphics Press},
	title     = {Envisioning Information},
	year      = {1990},
}

@book{Tuft1997,
	address   = {Cheshire, England},
	author    = {Tufte, Edward R.},
	publisher = {Graphics Press},
	title     = {Visual Explanations: Images and Quantities, Evidence and Narrative},
	year      = {1997},
}

@book{Tuft2001,
	address   = {Cheshire, England},
	author    = {Tufte, Edward R.},
	publisher = {Graphics Press},
	title     = {The Visual Display of Quantitative Information},
	year      = {2001},
	edition   = {2nd edition},
}

@article{Barabasi2003-2,
	author    = {Barab\'{a}si, Albert-L\'{a}szl\'{o} and Bonabeau, E.},
	journal   = {Scientific American},
	keywords  = {networks power-law preferential-attachment scale-free},
	language  = {english},
	number    = {60-69},
	title     = {Scale-Free Networks},
	volume    = {288},
	year      = {2003},
}

@article{Kwan2007,
	author    = {Goh, Kwang-Il I. and Cusick, Michael E. and Valle, David and Childs, Barton and Vidal, Marc and Barab\'asi, Albert-L\'aszl\'o L.},
	title     = {The human disease network},
	journal   = {Proceedings of the National Academy of Sciences of the United States of America},
	number    = {21},
	publisher = {National Academy of Sciences},
	volume    = {104},
	year      = {2007},
}

@article{Freeman2000,
	author  = {Freeman, Linton Clarke},
	title   = {Visualizing social networks},
	journal = {Journal of Social Structure},
	year    = {2000},
	volume  = {1},
	pages   = {1},
}

@article{Shneiderman1996,
	author  = {Shneiderman, Ben},
	title   = {The eyes have it: A task by data taxonomy for information visualizations},
	journal = {Proc. IEEE Symp. Visual Languages},
	year    = {1996},
	volume  = {},
	pages   = {336?343},
}

@article{Herman2000,
	author  = {Herman, Ivan and Melan, Guy con and Marshall, M Scott},
	title   = {Graph visualization and navigation in information visualization: a survey},
	journal = {IEEE Trans. Visualization and Computer Graphics},
	year    = {2000},
	volume  = {6},
	number  = {1},
	pages   = {24--43},
}


@article{Krebs2002,
    author  = {Krebs, Valdis},
    title   = {Uncloaking terrorist networks},
    journal = {First Monday},
    year    = {2002},
    volume  = {},
    pages   = {1},
}

@article{Meyers2005nta,
	author = {Meyers, Lauren Ancel and Pourbohloul, Babak and Newman, M. E J and Skowronski, Danuta M and Brunham, Robert C},
	journal = {Journal of Theoretical Biology},
	number = {1},
	pages = {71--81},
	title = {Network theory and SARS: predicting outbreak diversity},
	volume = {232},
	year = {2005},
}

@article{CF2007,
    author  = {Nicholas A. Christakis and James H. Fowler},
    journal = {The New England Journal of Medicine},
    number  = {257},
    pages   = {370--379},
    title   = {The spread of obesity in a large social network over 32 years},
    volume  = {4},
    year    = {2007},
}

@article{Kovalchuk2014,
	author  = {Kovalchuk, Sergey V. and Bezgodov, Aleksey A. and Terekhov, Denis M. and Boukhanovsky, Alexander V.},
	journal = {Science and Information Conference},
	pages   = {736--741},
	title   = {Interactive Environment for Effective Visual Analysis of Large Data within Virtual Reality},
	year    = {2014},
}

@article{Yang2005,
	author  = {Yang, Yuting and Engin, Levent and Wurtele, Eve Syrkin and Cruz-Neira, Carolina and Dickerson, Julie A. },
	journal = {Science and Information Conference},
	pages   = {3645--3650},
	volume  = {21},
	number  = {18},
	title   = {Integration of metabolic networks and gene expression in virtual reality},
	year    = {2005},
}

@article{Erdos1959,
	author   = {Erd\"{o}s, P. and R\'{e}nyi, A.},
	journal  = {Publicationes Mathematicae (Debrecen)},
	pages    = {290--297},
	priority = {2},
	title    = {{On random graphs, I}},
	volume   = {6},
	year     = {1959},
}

@article{Strogatz2001,
	author  = {Strogatz, Steven H.},
	journal = {Nature},
	pages   = {268--276},
	title   = {{Exploring complex networks}},
	volume  = {410},
	year    = {2001},
}



@ARTICLE{Albert2002,
	author  = {Albert, R\'{e}ka and Barab\'{a}si, Albert-l\'{a}szl\'{o} },
	title   = {Statistical mechanics of complex networks},
	journal = {Rev. Mod. Phys},
	year    = {2002},
	volume  = {74},
	pages   = {47--97},
}


@article{Solomonoff1951,
	author = {Solomonoff, Ray and Rapoport, Anatol},
	pages  = {107-117},
	title  = {Connectivity of Random Nets},
	volume = {13},
	year   = {1951},
}

@article{Watts1998,
	author  = {Watts, D. J. and Strogatz, S. H.},
	journal = {Nature},
	number  = {6684},
	pages   = {409--10},
	title   = {{Collective dynamics of'small-world'networks.}},
	volume  = {393},
	year    = {1998},
}






@inproceedings{BetellaEMOV2014,
	author    = {Alberto Betella and Alex Escuredo and Enrique Mart{\'{\i}}nez Bueno and Pedro Omedas and Paul F. M. J. Verschure},
	title     = {Manipulating complex network structures in virtual reality and 3D printing of the results},
	booktitle = {Proceedings of the 2014 Virtual Reality International Conference, {VRIC} 2014, Laval, France, April 9-11, 2014},
	pages     = {30:1--30:2},
	year      = {2014},
	crossref  = {DBLP:conf/vric/2014},
	url       = {http://doi.acm.org/10.1145/2617841.2620718},
	doi       = {10.1145/2617841.2620718},
	timestamp = {Thu, 23 Apr 2015 01:00:00 +0200},
	biburl    = {http://dblp.uni-trier.de/rec/bib/conf/vric/BetellaEMOV14},
	bibsource = {dblp computer science bibliography, http://dblp.org},
}

@TechReport {Cajahyba2009,
	author = {Monteiro, Sonia and Pereira, Hernane and Jorge, Eduardo and Reis, Uedson and Cajahyba, Tiago},
	title = {ODRM (ONTOLOGY DIAMOND RESEARCH MODEL): Um Conjunto Formal de Métodos, Processos e Ferramentais para Estruturar Bases de Conhecimento Pautadas em Ontologia.},
	institution = {III Seminário de Pesquisa sobre Ontologia no Brasil},
	address     = {Rio de Janeiro},
	year = {2009},
}

@MASTERSTHESIS{Autor2009,
  author =       {Sobrenome05, Autor05},
  title =        {T\'itulo da disserta\c{c}\~ao de mestrado.},
  school =       {Institui\c{c}\~ao},
  type  =        {Mestrado em alguma coisa},
  address =      {Cidade},
  year =         {2009},
}

@PHDTHESIS{Autor2002,
  author =       {Sobrenome03, Autor03},
  title =        {T\'itulo da tese de doutorado.},
  school =       {Institui\c{c}\~ao},
  type  =        {Doutorado em outra coisa},
  address =      {Cidade},
  year =         {2002},
}

@MISC{Mota2002,
  author =       {Mota, Helder A.},
  title =        {Sei l\'a},
  howpublished = {URL: www.mota.com.br},
  month =        {Abril},
  year =         {2002},

}
@article{Autor1998,
    author = {Sobrenome01, Autor01},
    journal = {Revista cient\'ifica},
    number = {13},
    pages = {10--23},
    title = {T\'itulo do artigo.},
    volume = {2},
    year = {1998},
}

@ONLINE{robotis_site,
	author = {Robotis},
	title = {Robotis Website},
	month = dez,
	year = {2018},
	url = {http://www.robotis.us}
}

@ONLINE{ros_site,
	author = {OSRF},
	title = {ROS Website},
	month = dez,
	year = {2018},
	url = {http://www.ros.org}
}
% This file was created with JabRef 2.10.
% Encoding: UTF8



%% This BibTeX bibliography file was created using BibDesk.
%% Saved with string encoding Unicode (UTF-8) 

%---------bib-by-these---------------------------------------

@phdthesis{sartori2018,
	title={Análise cinemática e geométrica de um robô de inspeção de linhas de transmissão de 138kV},
	author={Sartori, Juliana Ribeiro Tourinho Dantas},
	year={2018},
	school={Faculdades Senai Cimatec}
}

%---------bib-by-direct-article-1----------------------------

@article{sawada,
	title={A mobile robot for inspection of power transmission lines},
	author={Sawada, Jun and Kusumoto, Kazuyuki and Maikawa, Yasuhisa and Munakata, Tadashi and Ishikawa, Yoshinobu},
	journal={IEEE Transactions on Power Delivery},
	volume={6},
	number={1},
	pages={309--315},
	year={1991},
	publisher={IEEE}
}

@inproceedings{kim2017,
	title={License plate detection and recognition algorithm for vehicle black box},
	author={Kim, Jung-Hwan and Kim, Sun-Kyu and Lee, Sang-Hyuk and Lee, Tae-Min and Lim, Joonhong},
	booktitle={Automatic Control Conference (CACS), 2017 International},
	pages={1--6},
	year={2017},
	organization={IEEE}
}

@article{DBLP:journals/corr/ZhangBHRV16,
	author    = {Chiyuan Zhang and
	Samy Bengio and
	Moritz Hardt and
	Benjamin Recht and
	Oriol Vinyals},
	title     = {Understanding deep learning requires rethinking generalization},
	journal   = {CoRR},
	volume    = {abs/1611.03530},
	year      = {2016},
	url       = {http://arxiv.org/abs/1611.03530},
	archivePrefix = {arXiv},
	eprint    = {1611.03530},
	timestamp = {Wed, 07 Jun 2017 14:41:04 +0200},
	biburl    = {https://dblp.org/rec/bib/journals/corr/ZhangBHRV16},
	bibsource = {dblp computer science bibliography, https://dblp.org}
}

@incollection{yang:hal-00446037,
	TITLE = {{A Survey of Shape Feature Extraction Techniques}},
	AUTHOR = {Yang, Mingqiang and Kpalma, Kidiyo and Ronsin, Joseph},
	URL = {https://hal.archives-ouvertes.fr/hal-00446037},
	NOTE = {38 pages},
	BOOKTITLE = {{Pattern Recognition}},
	EDITOR = {Peng-Yeng Yin},
	PUBLISHER = {{IN-TECH}},
	PAGES = {43-90},
	YEAR = {2008},
	MONTH = Nov,
	KEYWORDS = {pattern recognition ; shape description ; image indexing ; Content-based image retrieval ; similarity measure},
	PDF = {https://hal.archives-ouvertes.fr/hal-00446037/file/ARS-Journal-SurveyPatternRecognition.pdf},
	HAL_ID = {hal-00446037},
	HAL_VERSION = {v1}
}

@article{godoi2005,
	title={Detec{\c{c}}{\~a}o de Defeitos em Isoladores Polim{\'e}ricos por meio da Radiografia Digital e Reconhecimento de padr{\~o}es},
	author={Godoi, Walmor Cardoso and Silva, RR and SWINKA FILHO, Vitoldo and Loddi, Tarcisio},
	journal={Espa{\c{c}}o Energia},
	pages={5--11},
	year={2005}
}

@inproceedings{vargas2016,
	title={Um estudo sobre redes neurais convolucionais e sua aplica{\c{c}}{\~a}o em detec{\c{c}}{\~a}o de pedestres},
	author={Vargas, Ana Caroline Gomes and Paes, Aline and Vasconcelos, Cristina Nader},
	booktitle={Proceedings of the XXIX Conference on Graphics, Patterns and Images},
	pages={1--4},
	year={2016}
}

@article{leucocyte,
	title = "Leucocyte classification for leukaemia detection using image processing techniques",
	journal = "Artificial Intelligence in Medicine",
	volume = "62",
	number = "3",
	pages = "179 - 191",
	year = "2014",
	issn = "0933-3657",
	doi = "https://doi.org/10.1016/j.artmed.2014.09.002",
	url = "http://www.sciencedirect.com/science/article/pii/S0933365714001031",
	author = "Lorenzo Putzu and Giovanni Caocci and Cecilia Di Ruberto",
	keywords = "Image processing, Microscopic image segmentation, Cell analysis, White blood cell detection, Leukaemia classification"
}

@ARTICLE{invariant, 
	author={Ming-Kuei Hu}, 
	journal={IRE Transactions on Information Theory}, 
	title={Visual pattern recognition by moment invariants}, 
	year={1962}, 
	volume={8}, 
	number={2}, 
	pages={179-187}, 
	keywords={Image analysis;Pattern recognition;Artificial intelligence;Bibliographies;Character recognition;Decision theory;Distribution functions;Information processing;Information theory;Pattern recognition;Senior members;Shape}, 
	doi={10.1109/TIT.1962.1057692}, 
	ISSN={0096-1000}, 
	month={February},}

@inproceedings{kinoshita2004,
	title={Recupera{\c{c}}{\~a}o Baseada em Conte{\'u}do de Imagens Mamogr{\'a}ficas: Atributos Visuais de Forma, Espectrais no dom{\'\i}nio de Radon e Granulometria},
	author={Kinoshita, SK and Pereira Jr, RR and Honda, MO and Rodrigues, JAH and Azevedo-Marques, PM},
	booktitle={IX Congresso Brasileiro de Inform{\'a}tica em Sa{\'u}de},
	year={2004}
}

@article{pedrosa2018,
	title={Aprendizagem de M{\'a}quina Para Identificar o N{\'\i}vel de Tremor Em Indiv{\'\i}duos Portadores da Doen{\c{c}}a de Parkinson},
	author={Pedrosa, Ta{\'\i}go and Vasconcelos, Felipe F and Medeiros, Leonardo},
	journal={Anais do Computer on the Beach},
	pages={622--630},
	year={2018}
}

@article{scikit,
	title={Scikit-learn: Machine learning in Python},
	author={Pedregosa, Fabian and Varoquaux, Ga{\"e}l and Gramfort, Alexandre and Michel, Vincent and Thirion, Bertrand and Grisel, Olivier and Blondel, Mathieu and Prettenhofer, Peter and Weiss, Ron and Dubourg, Vincent and others},
	journal={Journal of machine learning research},
	volume={12},
	number={Oct},
	pages={2825--2830},
	year={2011}
}

@phdthesis{dias2017,
	title={Classifica{\c{c}}{\~a}o de padr{\~o}es e detec{\c{c}}{\~a}o de assincronia durante a intera{\c{c}}{\~a}o paciente-ventilador},
	author={Dias, Alessandro Cardoso},
	year={2017},
	school={Universidade Federal de Minas Gerais}
}

@article{silva2018,
	title={Detec{\c{c}}{\~a}o de instrumentos musicais com redes neurais profundas},
	author={Silva, Marcos Pedro Ferreira Leal},
	year={2018},
	publisher={Niter{\'o}i}
}

@misc{deep_basic,
	author = {Gaea},
	title = {Afinal, o que é Deep Learning?},
	howpublished = {\url{https://gaea.com.br/afinal-o-que-e-deep-learning/}},
	note = {Accessed: 2018-05-10},
	year = {2018}
}

@misc{opencv,
	author = {OPenCV},
	title = {Reading and Writing Images and Video: imwrite},
	howpublished = {\url{https://docs.opencv.org/2.4/modules/highgui/doc/reading_and_writing_images_and_video.html?highlight=imwrite\#imwrite}},
	note = {Accessed: 2018-05-20},
	year = {2018}
}

@misc{ROS,
	author = {ROS},
	title = {About ROS},
	howpublished = {\url{http://www.ros.org/about-ros/}},
	note = {Accessed: 2018-05-10},
	year = {2018}
}

@book{baggio2012,
	title={Mastering OpenCV with practical computer vision projects},
	author={Baggio, Daniel L{\'e}lis},
	year={2012},
	publisher={Packt Publishing Ltd}
}

@misc{features,
	author = {Gregori, Eric},
	title = {Introduction to Computer Vision using OpenCV},
	howpublished = {\url{file:///home/matheus/Downloads/BDTI_ESCSV_2012_Intro_Computer_Vision.pdf}},
	note = {Accessed: 2018-05-15},
	year = {2012}
}

@misc{digits,
	author = {NVidia},
	title = {NVIDIA DIGITS - Interactive Deep Learning GPU Training System},
	howpublished = {\url{https://developer.nvidia.com/digits}},
	note = {Accessed: 2018-05-08},
	year = {2018}
}

@misc{stereolabs,
	author = {Stereolabs},
	title = {Meet Zed},
	howpublished = {\url{https://www.stereolabs.com/zed/}},
	note = {Accessed: 2018-02-08},
	year = {2018}
}

@article{amorim2016,
	title={Implanta{\c{c}}{\~a}o do software livre--sistema gnu/linux--na administra{\c{c}}{\~a}o do programa de moradia estudantil da UNICAMP},
	author={Amorim, Magdaelei Costa and Fernandes, ML and Bartier, Marcelo Padovani and Pinto, Donizete Aparecido Luciano},
	journal={S{\'\i}nteses: Revista Eletr{\^o}nica do SIMTEC},
	number={2},
	pages={72--72},
	year={2016}
}

@INPROCEEDINGS{hydro, 
	author={W. Chang and G. Yang and J. Yu and Z. Liang and L. Cheng and C. Zhou}, 
	booktitle={2017 IEEE/RSJ International Conference on Intelligent Robots and Systems (IROS)}, 
	title={Development of a power line inspection robot with hybrid operation modes}, 
	year={2017}, 
	volume={}, 
	number={}, 
	pages={973-978}, 
	keywords={collision avoidance;inspection;laser ranging;mobile robots;power overhead lines;power system control;service robots;OGW;automatic inspection;average power consumption;climbing robot;customized trumpet-shaped undercarriage;hybrid operation modes;obstacle negotiation;overhead ground wire;power line inspection robot;power lines;swingable 2D laser range finder;traditional flying robots;unmanned aerial vehicle;Inspection;Mobile robots;Robot kinematics;Three-dimensional displays;Two dimensional displays;Wires}, 
	doi={10.1109/IROS.2017.8202263}, 
	ISSN={}, 
	month={Sept},
}

@inproceedings{wu2010navigation,
	title={Navigation strategy for local autonomous obstacles-overcoming based on magnetic density detection for inspection robot of single split high voltage transmission line},
	author={Wu, Gongping and Zheng, Tuo and Huang, Zhenglie and Liu, Huan and Li, Cheng},
	booktitle={Intelligent Control and Automation (WCICA), 2010 8th World Congress on},
	pages={6555--6561},
	year={2010},
	organization={IEEE}
}

@Inbook{Han2009,
	author="Han, SunSin
	and Lee, JangMyung",
	editor="Hahn, Hernsoo
	and Ko, Hanseok
	and Lee, Sukhan",
	title="Path-selection Control of a Power Line Inspection Robot Using Sensor Fusion",
	bookTitle="Multisensor Fusion and Integration for Intelligent Systems: An Edition of  the Selected Papers from the IEEE International Conference on Multisensor Fusion and Integration for Intelligent Systems 2008",
	year="2009",
	publisher="Springer Berlin Heidelberg",
	address="Berlin, Heidelberg",
	pages="335--348",
	abstract="A new wire detection algorithm for power line inspection by a mobile robot has been proposed in this paper. There have been a lot of studies in order to support the high-quality electric power. For the high-quality power supply, it is necessary to investigate the power lines and insulators before the lines or insulators were disconnected or damaged. Although Korea Electric power Corp. has made many efforts for the quality improvement, it is not enough to inspect all the power lines by human inspectors. According to this problem, it is decided to replace the human operators by the power line inspection robot. When the robots are used for the inspection, there could be several advantages, for example, the working efficiency and the prevention of accident. And also the shortage of human power for dangerous jobs can be resolved. In this paper, as a part of the development of power line inspection robot, DICRO (DIstribution line Checking RObot), the sensor fusion and fuzzy control algorithms are developed to detect the wire and slope of the wire. The effectiveness of the proposed algorithms is proved by the real experiments with DICRO which is under development so far.",
	isbn="978-3-540-89859-7",
	doi="10.1007/978-3-540-89859-7_23",
	url="https://doi.org/10.1007/978-3-540-89859-7_23"
}

@InProceedings{borkowski2002,
	author="Peters, James F.
	and Ahn, T. C.
	and Borkowski, Maciej",
	editor="Alpigini, James J.
	and Peters, James F.
	and Skowron, Andrzej
	and Zhong, Ning",
	title="Obstacle Classification by a Line-Crawling Robot: A Rough Neurocomputing Approach",
	booktitle="Rough Sets and Current Trends in Computing",
	year="2002",
	publisher="Springer Berlin Heidelberg",
	address="Berlin, Heidelberg",
	pages="594--601",
	isbn="978-3-540-45813-5"
}

@article{yano,
	title={Robotics applications in maintenance and repair},
	author={Parker, Lynne E and Draper, John V},
	journal={Handbook of industrial robotics},
	pages={1023--1036},
	year={1998},
	publisher={Krieger Publishing Company}
}

@article{oliveira,
	title={Linhas de Transmissão},
	author={Oliveira, Renata},
	journal={2009. 51 f. Trabalho de Conclusão de Curso. Universidade Tecnológica Federal do Paraná Departamento Acadêmico de Eletrotécnia},
	address = {Curitiba - PR},
	year = {2009}
}

@article{penteado,
	title={Eletrifica{\c{c}}{\~a}o Rural: Desafios para a Universaliza{\c{c}}{\~a}o da Energia},
	author={Fournier, Anna Carolina Pires and Penteado, Cláudio},
	year={2015}  
}

@article{epe,
	title={Balan{\c{c}}o Energ{\'e}tico Nacional, s{\'e}ries completas},
	author={EPE, Empresa de Pesquisa Energ{\'e}tica},
	journal={Dispon{\'\i}vel: http://www. mme. gov. br/documents/10584/},
	urlaccessdate	= {15 março 2018},
	volume={13},
	year={2017}
}

@article{mme,
author = {MME, Ministério de Minas e Energia},
year = {2017},
month = {06},
title = {Boletim Mensal de Monitoramento do Sistema Elétrico Brasileiro do Sistema Elétrico Brasileiro},
}

@article{viterbi1967,
	title={Error bounds for convolutional codes and an asymptotically optimum decoding algorithm},
	author={Viterbi, Andrew},
	journal={IEEE transactions on Information Theory},
	volume={13},
	number={2},
	pages={260--269},
	year={1967},
	publisher={IEEE}
}

@article{onsx,
	title={Dados Relevantes 2006: Operação do Sistema Interligado Nacional},
	author={ONS, Operador Nacional do Sistema Elétrico},
	journal={ONS - Operador Nacional do Sistema Elétrico},
	year={2006}
}

@article{gonccalvesx,
	title={Review and latest trends in mobile robots used on power transmission lines},
	author={Gon{\c{c}}alves, Rog{\'e}rio Sales and Carvalho, Jo{\~a}o Carlos Mendes},
	journal={International Journal of Advanced Robotic Systems},
	volume={10},
	number={12},
	pages={408},
	year={2013},
	publisher={SAGE Publications Sage UK: London, England}
}

@article{roc,
	author = {Martinez, E.Z. and Louzada, Francisco and Pereira, Basilio},
	year = {2003},
	month = {01},
	pages = {7-31},
	title = {A curva ROC para testes diagnósticos},
	volume = {11},
	booktitle = {Cad Saúde Coletiva}
}

@inproceedings{gonccalves2007,
	title={T{\'e}cnicas de segmenta{\c{c}}ao baseadas em subtra{\c{c}}ao de fundo e modelos de cores: Um estudo comparativo},
	author={Gon{\c{c}}alves, Wesley Nunes and Saueia, Vin{\i}cius Assis and Machado, Bruno Brandoli and de Andrade Silva, Jonathan and de Souza, Kleber Padovani and Pistori, Hemerson},
	booktitle={XXVIII CILAMCE-Iberian Latin American Congress on Computational Methods in Engineering},
	pages={13--15},
	year={2007}
}

%@article{lima,
%	title={ROB{\^O} AUTON{\^O}MO PARA INSPE{\c{C}}{\~A}O DE LINHAS DE ALTA TENS{\~A}O},
%	author={Lima, EDUARDO J II and BOMFIM, MARCELO HS and BRACARENSE, ALEXANDRE Q and GONTIJO, ROBERTO A and MOUR{\~A}O, MIGUEL and ALMEIDA, CLEBER VR and BARRETO, ANDREA and REIS, MARCO A},
%	journal={Anais do XX	Congresso Brasileiro de Automática},
%	pages={1466–1473},
%	year = {2014}
%}

@inproceedings{somasundaram2010,
	title={A method for filling holes in objects of medical images using region labeling and run length encoding schemes},
	author={Somasundaram, K and Kalaiselvi, T},
	booktitle={National Conference on Image Processing (NCIMP)},
	pages={110--115},
	year={2010}
}

@article{suzuki1985,
	title={Topological structural analysis of digitized binary images by border following},
	author={Suzuki, Satoshi and others},
	journal={Computer vision, graphics, and image processing},
	volume={30},
	number={1},
	pages={32--46},
	year={1985},
	publisher={Elsevier}
}

@article{gross2018,
author = {Marcelo Gross, Márcio and Freitas, Clailton and Santos, Cezar and Lenon Casagrande, Dieison and Hoeckel, Paulo},
year = {2017},
month = {07},
pages = {69-93},
title = {Análise da Demanda de Energia Elétrica no Setor Industrial no Brasil},
volume = {8},
booktitle = {Economia Política do Desenvolvimento}
}

@article{cortes1995,
	title={Support-vector networks},
	author={Cortes, Corinna and Vapnik, Vladimir},
	journal={Machine learning},
	volume={20},
	number={3},
	pages={273--297},
	year={1995},
	publisher={Springer}
}

@inproceedings{vassallo,
	title={Detec{\c{c}}{\~a}o de obst{\'a}culos atrav{\'e}s de um Fluxo {\'O}ptico Padr{\~a}o obtido a partir de imagens omnidirecionais},
	author={Vassallo, R and Franca, A and Schneebeli, H},
	booktitle={Proc. of Latin America IEEE Robotics Symp.(SBAI/IEEE-LARS)},
	year={2005}
}

@article{lucas,
	title={T{\'e}cnicas de segmenta{\c{c}}{\~a}o e classifica{\c{c}}{\~a}o de imagens em exames de resson{\^a}ncia magn{\'e}tica nuclear},
	author={Lucas, Carlo Foletto},
	journal={Revista da Gradua{\c{c}}{\~a}o},
	year = {2014},
	volume={7},
	number={2}
}

@article{monard2003,
	title={Conceitos sobre aprendizado de m{\'a}quina},
	author={Monard, Maria Carolina and Baranauskas, Jos{\'e} Augusto},
	journal={Sistemas inteligentes-Fundamentos e aplica{\c{c}}{\~o}es},
	volume={1},
	number={1},
	pages={32},
	year={2003}
}

@book{rosenblatt1957,
	title={The perceptron, a perceiving and recognizing automaton Project Para},
	author={Rosenblatt, Frank},
	year={1957},
	publisher={Cornell Aeronautical Laboratory}
}

@book{machineyearn,
	title={Machine Learning Yearning: Technical Startegy for AI Engineers, In the Era of Deep Learning},
	author={Ng, Andrew Yan-Tak},
	year={2016},
	publisher={deeplearning.ai}
}

@article{incendio,
author = {Pessin, Gustavo and Osorio, Fernando and Musse, Soraia and Nonnemmacher, Vinícius and Souza Ferreira, Sandro},
year = {2018},
month = {05},
pages = {},
title = {Utilizando redes neurais artificiais no controle de robôs móveis aplicados ao combate de incêndios florestais},
volume = {950},
booktitle = {Unisinos}
}

@inproceedings{krizhevsky2012,
	title={Imagenet classification with deep convolutional neural networks},
	author={Krizhevsky, Alex and Sutskever, Ilya and Hinton, Geoffrey E},
	booktitle={Advances in neural information processing systems},
	pages={1097--1105},
	year={2012}
}

@article{googleNet2016,
	author    = {Sergey Ioffe and
	Christian Szegedy},
	title     = {Batch Normalization: Accelerating Deep Network Training by Reducing
	Internal Covariate Shift},
	journal   = {CoRR},
	volume    = {abs/1502.03167},
	year      = {2015},
	url       = {http://arxiv.org/abs/1502.03167},
	archivePrefix = {arXiv},
	eprint    = {1502.03167},
	timestamp = {Wed, 07 Jun 2017 14:40:49 +0200},
	biburl    = {https://dblp.org/rec/bib/journals/corr/IoffeS15},
	bibsource = {dblp computer science bibliography, https://dblp.org}
}

@article{cancer_mama_google,
	author={Michał Żejmo and Marek Kowal and Józef Korbicz and Roman Monczak},
	title={Classification of breast cancer cytological specimen using convolutional neural network},
	journal={Journal of Physics: Conference Series},
	volume={783},
	number={1},
	pages={012060},
	url={http://stacks.iop.org/1742-6596/783/i=1/a=012060},
	year={2017}
}

@article{marques2000,
	title={Modelos din{\^a}micos com dados em painel: revis{\~a}o de literatura},
	author={Marques, Lu{\'\i}s David and others},
	journal={Centro de estudos Macroecon{\'o}micos e Previs{\~a}o, faculdade de Economia do Porto},
	year={2000}
}

@Article{Simonyan14c,
	author       = "Simonyan, K. and Zisserman, A.",
	title        = "Very Deep Convolutional Networks for Large-Scale Image Recognition",
	journal      = "CoRR",
	volume       = "abs/1409.1556",
	year         = "2014"
}

@inproceedings{he2016deep,
	title={Deep residual learning for image recognition},
	author={He, Kaiming and Zhang, Xiangyu and Ren, Shaoqing and Sun, Jian},
	booktitle={Proceedings of the IEEE conference on computer vision and pattern recognition},
	pages={770--778},
	year={2016}
}

@inproceedings{deng2009,
	title={Imagenet: A large-scale hierarchical image database},
	author={Deng, Jia and Dong, Wei and Socher, Richard and Li, Li-Jia and Li, Kai and Fei-Fei, Li},
	booktitle={Computer Vision and Pattern Recognition, 2009. CVPR 2009. IEEE Conference on},
	pages={248--255},
	year={2009},
	organization={IEEE}
}

@article{deshpande20169,
	title={The 9 Deep Learning Papers You Need To Know About (Understanding CNNs Part 3)},
	author={Deshpande, Adit},
	journal={University of California, Los Angeles (UCLA)},
	year={2016}
}

@article{hyperparameters,
	author    = {Yoon Kim},
	title     = {Convolutional Neural Networks for Sentence Classification},
	journal   = {CoRR},
	volume    = {abs/1408.5882},
	year      = {2014},
	url       = {http://arxiv.org/abs/1408.5882},
	archivePrefix = {arXiv},
	eprint    = {1408.5882},
	timestamp = {Wed, 07 Jun 2017 14:40:07 +0200},
	biburl    = {https://dblp.org/rec/bib/journals/corr/Kim14f},
	bibsource = {dblp computer science bibliography, https://dblp.org}
}

@article{lasseck2017image,
	title={Image-based plant species identification with deep convolutional neural networks},
	author={Lasseck, Mario},
	journal={Working Notes of CLEF},
	volume={2017},
	year={2017}
}

@article{araujo2017,
	title={Redes Neurais Convolucionais com Tensorflow: Teoria e Pr{\'a}tica},
	author={Ara{\'u}jo, Fl{\'a}vio HD and Carneiro, Allan C and Silva, Romuere RV and MEDEIROS, FNS and USHIZIMA, DM},
	journal={SOCIEDADE BRASILEIRA DE COMPUTA{\c{C}}{\~A}O. III Escola Regional de Inform{\'a}tica do Piau{\'\i}. Livro Anais-Artigos e Minicursos},
	volume={1},
	pages={382--406},
	year={2017},
	publisher={Sociedade Brasileira de Computa{\c{c}}{\~a}o}
}

@article{szegedy2013,
	title={Intriguing properties of neural networks},
	author={Szegedy, Christian and Zaremba, Wojciech and Sutskever, Ilya and Bruna, Joan and Erhan, Dumitru and Goodfellow, Ian and Fergus, Rob},
	journal={arXiv preprint arXiv:1312.6199},
	year={2013}
}

@inproceedings{habibi2015,
	title={Distributed centroid estimation and motion controllers for collective transport by multi-robot systems},
	author={Habibi, Golnaz and Kingston, Zachary and Xie, William and Jellins, Mathew and McLurkin, James},
	booktitle={Robotics and Automation (ICRA), 2015 IEEE International Conference on},
	pages={1282--1288},
	year={2015},
	organization={IEEE}
}

@article{silva2018,
	title={Detec{\c{c}}{\~a}o de instrumentos musicais com redes neurais profundas},
	author={Silva, Marcos Pedro Ferreira Leal},
	year={2018},
	publisher={Niter{\'o}i}
}

@book{bradski2008,
	title={Learning OpenCV: Computer vision with the OpenCV library},
	author={Bradski, Gary and Kaehler, Adrian},
	year={2008},
	publisher={" O'Reilly Media, Inc."}
}

@article{li2014,
	title={Contact-force distribution optimization and control for quadruped robots using both gradient and adaptive neural networks},
	author={Li, Zhijun and Ge, Shuzhi Sam and Liu, Sibang},
	journal={IEEE transactions on neural networks and learning systems},
	volume={25},
	number={8},
	pages={1460--1473},
	year={2014},
	publisher={IEEE}
}

@inproceedings{louro2006,
	title={Classifica{\c{c}}{\~a}o de tomates utilizando redes neurais artificiais},
	author={LOURO, Ant{\^o}nio Henrique Figueira and MENDON{\c{C}}A, Michelle Magalh{\~a}es and GONZAGA, Adilson},
	booktitle={Proceedings of the II Workshop de Vis{\~a}o Computacional, S{\~a}o Carlos, SP},
	year={2006}
}

@INPROCEEDINGS{auvlanding, 
	author={P. Moriarty and R. Sheehy and P. Doody}, 
	booktitle={2017 28th Irish Signals and Systems Conference (ISSC)}, 
	title={Neural networks to aid the autonomous landing of a UAV on a ship}, 
	year={2017}, 
	volume={}, 
	number={}, 
	pages={1-4}, 
	keywords={aircraft landing guidance;autonomous aerial vehicles;mobile robots;neural nets;robot vision;ships;video signal processing;MAV;UAV autonomous landing;UAV on-board camera;Unity;artificial neural networks;manned aerial vehicles;ship landing pad;unmanned aerial vehicle;video images;Artificial neural networks;Cameras;MATLAB;Marine vehicles;Training;Unmanned aerial vehicles;Artificial Neural Networks;Auto-landing;Unity;Unmanned Aerial Vehicle (UAV)}, 
	doi={10.1109/ISSC.2017.7983613}, 
	ISSN={}, 
	month={June},
}

@inproceedings{ibrahim2013mri,
	title={MRI brain image classification using neural networks},
	author={Ibrahim, Walaa Hussein and Osman, Ahmed AbdelRhman Ahmed and Mohamed, Yusra Ibrahim},
	booktitle={Computing, Electrical and Electronics Engineering (ICCEEE), 2013 International Conference on},
	pages={253--258},
	year={2013},
	organization={IEEE}
}

@article{biederman1987,
title={Recognition-by-components: a theory of human image understanding.},
author={Biederman, Irving},
journal={Psychological review},
volume={94},
number={2},
pages={115},
year={1987},
publisher={US: American Psychological Association}
}

@article{montecarlo,
	title={Monte Carlo planning for active object classification},
	author={Patten, Timothy and Martens, Wolfram and Fitch, Robert},
	journal={Autonomous Robots},
	volume={42},
	number={2},
	pages={391--421},
	year={2018},
	publisher={Springer}
}

@article{ishimaru,
	title = {Small Object Detection Based
	on Stereo Vision},
	journal = {Denso Technical Review},
	volume = {21},
	pages = {77 - 84},
	year = {2016},
	url = {https://www.denso.com/jp/ja/innovation/technology/dtr/v21/paper-08.pdf},
	author = {Kazuhisa Ishimaru and Noriaki Shirai and Long Qian and Seiichi Mita}
}

@inproceedings{schnabel,
	title={Efficient RANSAC for point-cloud shape detection},
	author={Schnabel, Ruwen and Wahl, Roland and Klein, Reinhard},
	booktitle={Computer graphics forum},
	volume={26},
	number={2},
	pages={214--226},
	year={2007},
	organization={Wiley Online Library}
}

@inproceedings{lacey2000,
	title={An Evaluation of the Performance of RANSAC Algorithms for Stereo Camera Calibrarion.},
	author={Lacey, AJ and Pinitkarn, N and Thacker, Neil A},
	booktitle={BMVC},
	pages={1--10},
	year={2000}
}

@incollection{ransac,
	title={Random sample consensus: a paradigm for model fitting with applications to image analysis and automated cartography},
	author={Fischler, Martin A and Bolles, Robert C},
	booktitle={Readings in computer vision},
	pages={726--740},
	year={1987},
	publisher={Elsevier}
}

@book{pythonmachine,
	title={Python machine learning},
	author={Raschka, Sebastian},
	year={2015},
	publisher={Packt Publishing Ltd}
}

@article{lima2004,
	title={Comit{\^e} de M{\'a}quinas: uma abordagem unificada empregando m{\'a}quinas de vetores-suporte},
	author={Lima, Clodoaldo Aparecido de Moraes and others},
	year={2004},
	publisher={[sn]}
}

@article{lorena2007,
	title={Uma introdu{\c{c}}{\~a}o {\`a}s support vector machines},
	author={Lorena, Ana Carolina and de Carvalho, Andr{\'e} CPLF},
	journal={Revista de Inform{\'a}tica Te{\'o}rica e Aplicada},
	volume={14},
	number={2},
	pages={43--67},
	year={2007}
}

@article{mendes2011,
	title={Desvio de Obst{\'a}culos Utilizando um M{\'e}todo Est{\'e}reo Semi-global},
	author={Mendes, Caio C{\'e}sar Teodoro and Wolf, Denis Fernando},
	journal={VIII Encontro Nacional de Intelig{\^e}ncia Artificial},
	pages={788--799},
	year={2011}
}

@Article{Zhang1998,
	author="Zhang, Zhengyou",
	title="Determining the Epipolar Geometry and its Uncertainty: A Review",
	journal="International Journal of Computer Vision",
	year="1998",
	month="Mar",
	day="01",
	volume="27",
	number="2",
	pages="161--195",
	abstract="Two images of a single scene/object are related by the epipolar geometry, which can be described by a 3{\texttimes}3 singular matrix called the essential matrix if images' internal parameters are known, or the fundamental matrix otherwise. It captures all geometric information contained in two images, and its determination is very important in many applications such as scene modeling and vehicle navigation. This paper gives an introduction to the epipolar geometry, and provides a complete review of the current techniques for estimating the fundamental matrix and its uncertainty. A well-founded measure is proposed to compare these techniques. Projective reconstruction is also reviewed. The software which we have developed for this review is available on the Internet.",
	issn="1573-1405",
	doi="10.1023/A:1007941100561",
	url="https://doi.org/10.1023/A:1007941100561"
}

@article{yano2016,
	title={SEGMENTA{\c{C}}{\~A}O DE FACES DE TELHADOS DE EDIF{\'I}CIOS EM DADOS DE VARREDURA A LASER USANDO O M{\'E}TODO RANSAC},
	author={Yano, Michelle Sayuri and Dal Poz, Aluir Porf{\'\i}rio},
	journal={Revista Brasileira de Cartografia},
	volume={68},
	number={7},
	year={2016}
}

@mastersthesis{avila2017,
	title={An{\'a}lise de m{\'e}tricas para determinar a similaridade entre objetos n{\~a}o r{\'\i}gidos restritos em tempo real},
	author={Avila, Elizabeth Viviana Cabrera},
	year={2017},
	school={Brasil}
}

@article{aquatica,
	title={Segmenta{\c{c}}{\~a}o em Nuvem de Pontos para Detec{\c{c}}{\~a}o de Superf{\'\i}cies Aqu{\'a}ticas},
	author={Neto, Valmir Ferreira Segundo and Gon{\c{c}}alves, Luiz Marcos Garcia and Gomes, Rafael Beserra},
	url = {http://sibgrapi.sid.inpe.br/col/sid.inpe.br/sibgrapi/2016/08.16.21.59/doc/Segmenta%C3%A7%C3%A3o%20em%20Nuvem%20de%20Pontos%20para%20Detec%C3%A7%C3%A3o%20de%20Superf%C3%ADcies%20Aqu%C3%A1ticas.pdf},
	year={2016}
}

@article{dicarlo,
	title = {How Does the Brain Solve Visual Object Recognition?},
	journal = {Neuron},
	volume = {73},
	number = {3},
	pages = {415 - 434},
	year = {2012},
	issn = {0896-6273},
	doi = {https://doi.org/10.1016/j.neuron.2012.01.010},
	url = {http://www.sciencedirect.com/science/article/pii/S089662731200092X},
	author = {James J. DiCarlo and Davide Zoccolan and Nicole C. Rust}
}

@article{dicarlo2007,
	title={Untangling invariant object recognition},
	author={DiCarlo, James J and Cox, David D},
	journal={Trends in cognitive sciences},
	volume={11},
	number={8},
	pages={333--341},
	year={2007},
	publisher={Elsevier}
}

@article{al-kaff,
	title={Obstacle detection and avoidance system based on monocular camera and size expansion algorithm for UAVs},
	author={Al-Kaff, Abdulla and Garc{\'\i}a, Fernando and Mart{\'\i}n, David and De La Escalera, Arturo and Armingol, Jos{\'e} Mar{\'\i}a},
	journal={Sensors},
	volume={17},
	number={5},
	pages={1061},
	year={2017},
	publisher={Multidisciplinary Digital Publishing Institute}
}

@article{arel2010deep,
	title={Deep machine learning-a new frontier in artificial intelligence research [research frontier]},
	author={Arel, Itamar and Rose, Derek C and Karnowski, Thomas P},
	journal={IEEE computational intelligence magazine},
	volume={5},
	number={4},
	pages={13--18},
	year={2010},
	publisher={IEEE}
}

@article{arel2010deep,
	title={Deep machine learning-a new frontier in artificial intelligence research [research frontier]},
	author={Arel, Itamar and Rose, Derek C and Karnowski, Thomas P},
	journal={IEEE computational intelligence magazine},
	volume={5},
	number={4},
	pages={13--18},
	year={2010},
	publisher={IEEE}
}

@article{lecun1998,
	title={Gradient-based learning applied to document recognition},
	author={LeCun, Yann and Bottou, L{\'e}on and Bengio, Yoshua and Haffner, Patrick},
	journal={Proceedings of the IEEE},
	volume={86},
	number={11},
	pages={2278--2324},
	year={1998},
	publisher={IEEE}
}

@article{deepbig,
	author    = {Dan Claudiu Ciresan and
	Ueli Meier and
	Luca Maria Gambardella and
	J{\"{u}}rgen Schmidhuber},
	title     = {Deep Big Simple Neural Nets Excel on Handwritten Digit Recognition},
	journal   = {CoRR},
	volume    = {abs/1003.0358},
	year      = {2010},
	url       = {http://arxiv.org/abs/1003.0358},
	archivePrefix = {arXiv},
	eprint    = {1003.0358},
	timestamp = {Wed, 07 Jun 2017 14:42:34 +0200},
	biburl    = {https://dblp.org/rec/bib/journals/corr/abs-1003-0358},
	bibsource = {dblp computer science bibliography, https://dblp.org}
}

@inproceedings{ciregan2012multi,
	title={Multi-column deep neural networks for image classification},
	author={Ciregan, Dan and Meier, Ueli and Schmidhuber, J{\"u}rgen},
	booktitle={Computer vision and pattern recognition (CVPR), 2012 IEEE conference on},
	pages={3642--3649},
	year={2012},
	organization={IEEE}
}

@article{nachtigallclassificaccao,
	title={Classifica{\c{c}}{\~a}o de dist{\'u}rbios em folhas de macieiras utilizando redes neurais convolucionais.},
	author={Nachtigall, Lucas Garcia},
	journal={Embrapa Uva e Vinho-Tese/disserta{\c{c}}{\~a}o (ALICE)},
	publisher={2016.},
	year={2016}
}

@article{juraszek2014,
	title={Reconhecimento de produtos por imagem utilizando palavras visuais e redes neurais convolucionais},
	author={Juraszek, Guilherme Defreitas and Silva, Alexandre Gon{\c{c}}alves and da Silva, Andr{\'e} Tavares},
	journal={Joinville: UDESC},
	year={2014}
}

@book{solomon,
	title={Fundamentals of Digital Image Processing: A practical approach with examples in Matlab},
	author={Solomon, Chris and Breckon, Toby},
	year={2011},
	publisher={John Wiley \& Sons}
}

@book{bishop2006,
	title={{\tiny PATTERN RECOGNITION AND MACHINE LEARNING}.},
	author={Bishop, Christopher M,},
	year={2016},
	publisher={Springer-Verlag New York}
}

@inproceedings{brandao2009,
	title={Sistema de Inspecao de Linhas de Transmissao de Energia Electrica Utilizando Veiculos Aereos Nao-Tripulados},
	author={Rangel, Rodrigo K and Kienitz, Karl Heinz and Brand{\~a}o, Mauricio Pazini},
	booktitle={3rd CTA-DLR Workshop on Data Analysis \& Flight Control ocorrido entre},
	pages={14--16},
	year={2009}
}

%@inproceedings{mourao,
%	title={ROB{\^O} AUTON{\^O}MO PARA INSPE{\c{C}}{\~A}O DE LINHAS DE ALTA TENS{\~A}O},
%	author={Mour{\~a}o, Miguel and II, EDUARDO J LIMA and BOMFIM, MARCELO HS and BRACARENSE, ALEXANDRE Q and GONTIJO, ROBERTO A and ALMEIDA, CLEBER VR and BARRETO, ANDREA and REIS, MARCO A},
%	booktitle={Congresso de Inovação Tecnológica em Energia Elétrica – CITENEL},
%	year = {2015}
%}

@inproceedings{katrasnik,
	title={New robot for power line inspection},
	author={Katrasnik, Jaka and Pernus, Franjo and Likar, Bostjan},
	booktitle={Robotics, Automation and Mechatronics, 2008 IEEE Conference on},
	pages={1195--1200},
	year={2008},
	organization={IEEE}
}

%@inproceedings{debenest,
%	title={Expliner-Robot for inspection of transmission lines},
%	author={Debenest, Paulo and Guarnieri, Michele and Takita, Kensuke and Fukushima, Edwardo F and Hirose, Shigeo and Tamura, Kiyoshi and Kimura, Akihiro and Kubokawa, Hiroshi and Iwama, Narumi and Shiga, Fuminori},
%	booktitle={Robotics and Automation, 2008. ICRA 2008. IEEE International Conference on},
%	pages={3978--3984},
%	year={2008},
%	organization={IEEE}
%}

%@inproceedings{ventrella,
%	title={Rob{\^o} m{\'o}vel aplicado {\`a} inspe{\c{c}}{\~a}o em linhas de transmiss{\~a}o},
%	author={Ventrella, AG and Moscato, LA and de Souza, A and dos Santos, MF and Vital, WB},
%	booktitle={Anais do II Congresso de Inova{\c{c}}ao Tecnol{\'o}gica em Engenharia El{\'e}trica},
%	volume={1},
%	year={2003}
%}

%@inproceedings{zhou,
%	title={Control of an inspection robot for 110KV power transmission lines based on expert system design methods},
%	author={Zhou, FY and Wang, JD and Li, YB and Wang, J and Xiao, HR},
%	booktitle={Control Applications, 2005. CCA 2005. Proceedings of 2005 IEEE Conference on},
%	pages={1563--1568},
%	year={2005},
%	organization={IEEE}
%}

%@inproceedings{montambault,
%	title={Design and validation of a mobile robot for power line inspection and maintenance},
%	author={Montambault, Serge and Pouliot, Nicolas},
%	booktitle={6th International Conference on Field and Service Robotics-FSR 2007},
%	volume={42},
%	year={2007},
%	organization={Springer}
%}

@inproceedings{zuo2009obstacle,
	title={The obstacle recognition approach for a power line inspection robot},
	author={Zuo, Qi and Xie, Zhi and Guo, Zijian and Sun, Dehui},
	booktitle={Mechatronics and Automation, 2009. ICMA 2009. International Conference on},
	pages={1757--1761},
	year={2009},
	organization={IEEE}
}

@inproceedings{fu2006, 
	author={S. Fu and W. Li and Y. Zhang and Z. Liang and Z. Hou and M. Tan and W. Ye and B. Lian and Q. Zuo}, 
	booktitle={2006 IEEE/RSJ International Conference on Intelligent Robots and Systems}, 
	title={Structure-Constrained Obstacles Recognition for Power Transmission Line Inspection Robot}, 
	year={2006}, 
	volume={}, 
	number={}, 
	pages={3363-3368}, 
	keywords={collision avoidance;inspection;insulators;mobile robots;power transmission lines;counterweights obstacle;insulator strings;mobile robot;power transmission line inspection robot;structure-constrained obstacles recognition;suspension clamps;Inspection;Insulation;Intelligent robots;Laboratories;Mobile robots;Power system reliability;Power transmission lines;Robot sensing systems;Robotics and automation;Sensor arrays}, 
	doi={10.1109/IROS.2006.282513}, 
	ISSN={2153-0858}, 
	month={Oct},
}

@inproceedings{pouliot2012linescout,
	title={LineScout power line robot: Characterization of a UTM-30LX LIDAR system for obstacle detection},
	author={Pouliot, Nicolas and Richard, Pierre-Luc and Montambault, Serge},
	booktitle={Intelligent Robots and Systems (IROS), 2012 IEEE/RSJ International Conference on},
	pages={4327--4334},
	year={2012},
	organization={IEEE}
}

@inproceedings{montambault2006linescout,
	title={LineScout technology: Development of an inspection robot capable of clearing obstacles while operating on a live line},
	author={Montambault, Serge and Pouliot, Nicolas},
	booktitle={Transmission \& Distribution Construction, Operation and Live-Line Maintenance, 2006. ESMO 2006. IEEE 11th International Conference on},
	year={2006},
	organization={IEEE}
}

%@inproceedings{phillips,
%	title={Autonomous overhead transmission line inspection robot (TI) development and demonstration},
%	author={Phillips, Andrew and Engdahl, Eric and McGuire, Drew and Major, Mark and Bartlett, Glynn},
%	booktitle={Applied Robotics for the Power Industry (CARPI), 2012 2nd International Conference on},
%	pages={94--95},
%	year={2012},
%	organization={IEEE}
%}

@inproceedings{campos,
	title={A mobile manipulator for installation and removal of aircraft warning spheres on aerial power transmission lines},
	author={Campos, Mario FM and Pereira, Guilherme AS and Vale, Samuel RC and Bracarense, Alexandre Q and Pinheiro, Gustavo A and Oliveira, Maur{\'\i}cio P},
	booktitle={Robotics and Automation, 2002. Proceedings. ICRA'02. IEEE International Conference on},
	volume={4},
	pages={3559--3564},
	year={2002},
	organization={IEEE}
}

@inproceedings{albiez,
	title={Flatfish-a compact subsea-resident inspection auv},
	author={Albiez, Jan and Joyeux, Sylvain and Gaudig, Christopher and Hilljegerdes, Jens and Kroffke, Sven and Schoo, Christian and Arnold, Sascha and Mimoso, Geovane and Alcantara, Pedro and Saback, Rafael and others},
	booktitle={OCEANS'15 MTS/IEEE Washington},
	pages={1--8},
	year={2015},
	organization={IEEE}
}

@inproceedings{hoang,
	title={Obstacle detection and warning for visually impaired people based on electrode matrix and mobile Kinect},
	author={Hoang, Van-Nam and Nguyen, Thanh-Huong and Le, Thi-Lan and Tran, Thi-Thanh Hai and Vuong, Tan-Phu and Vuillerme, Nicolas},
	booktitle={Information and Computer Science (NICS), 2015 2nd National Foundation for Science and Technology Development Conference on},
	pages={54--59},
	year={2015},
	organization={IEEE}
}

@inproceedings{yan2007,
	title={3d model based object class detection in an arbitrary view},
	author={Yan, Pingkun and Khan, Saad M and Shah, Mubarak},
	booktitle={Computer Vision, 2007. ICCV 2007. IEEE 11th International Conference on},
	pages={1--6},
	year={2007},
	organization={IEEE}
}

@misc{badino2011least,
	title={Least Squares Estimation of a Plane Surface in Disparity Image Space},
	author={Badino, Hern{\'a}n},
	year={2011},
	publisher={Carnegie Mellon University Pittsburgh, PA 15217, USA}
}

@article{borrmann20113d,
	title={The 3d hough transform for plane detection in point clouds: A review and a new accumulator design},
	author={Borrmann, Dorit and Elseberg, Jan and Lingemann, Kai and N{\"u}chter, Andreas},
	journal={3D Research},
	volume={2},
	number={2},
	pages={3},
	year={2011},
	publisher={Springer}
}

@phdthesis{morimitsu,
	title={Uma abordagem estrutural para detec{\c{c}}{\~a}o de objetos e localiza{\c{c}}{\~a}o em ambientes internos por dispositivos m{\'o}veis},
	author={Morimitsu, Henrique},
	year={2011},
	school={Universidade de S{\~a}o Paulo}
}

@article{baranauskas2000,
	title={Reviewing some machine learning concepts and methods},
	author={Baranauskas, Jos{\'e} Augusto and Monard, Maria Carolina},
	journal={Relat{\'o}rios T{\'e}cnicos do ICMC/USP},
	volume={102},
	year={2000}
}

@book{kulkarni2011elementary,
	title={An elementary introduction to statistical learning theory},
	author={Kulkarni, Sanjeev and Harman, Gilbert},
	volume={853},
	year={2011},
	publisher={John Wiley \& Sons}
}

@phdthesis{montanari2016detecccao,
	title={Detec{\c{c}}{\~a}o e classifica{\c{c}}{\~a}o de objetos em imagens para rastreamento de ve{\'\i}culos},
	author={Montanari, Raphael},
	year={2016},
	school={Universidade de S{\~a}o Paulo}
}

@article{andrew2000,
	title={AN INTRODUCTION TO SUPPORT VECTOR MACHINES AND OTHER KERNEL-BASED LEARNING METHODS by Nello Christianini and John Shawe-Taylor, Cambridge University Press, Cambridge, 2000, xiii+ 189 pp., ISBN 0-521-78019-5 (Hbk,{\pounds} 27.50).-},
	author={Andrew, Alex M},
	journal={Robotica},
	volume={18},
	number={6},
	pages={687--689},
	year={2000},
	publisher={Cambridge university press}
}

@article{mendes2017,
	title={Classifica{\c{c}}{\~a}o de imagens de retina para aux{\'\i}lio a diagn{\'o}stico de retinopatia diab{\'e}tica via detec{\c{c}}{\~a}o de exsudatos duros, com base em classificadores robustos, m{\'a}quinas de vetores de suporte e algoritmos com treinamento de dicion{\'a}rios},
	author={Mendes, Charles Corr{\^e}a},
	year={2017}
}

@article{liu2009,
	title={Object motion detection using information theoretic spatio-temporal saliency},
	author={Liu, Chang and Yuen, Pong C and Qiu, Guoping},
	journal={Pattern Recognition},
	volume={42},
	number={11},
	pages={2897--2906},
	year={2009},
	publisher={Elsevier}
}

@inproceedings{kollmitzer,
	title={Object detection and measurement using stereo images},
	author={Kollmitzer, Christian},
	booktitle={International Conference on Multimedia Communications, Services and Security},
	pages={159--167},
	year={2012},
	organization={Springer}
}

@article{HUANG,
	title = "A real-time object detecting and tracking system for outdoor night surveillance",
	journal = "Pattern Recognition",
	volume = "41",
	number = "1",
	pages = "432 - 444",
	year = "2008",
	issn = "0031-3203",
	doi = "https://doi.org/10.1016/j.patcog.2007.05.017",
	url = "http://www.sciencedirect.com/science/article/pii/S0031320307002579",
	author = "Kaiqi Huang and Liangsheng Wang and Tieniu Tan and Steve Maybank",
	keywords = "Visual surveillance, Night, Contrast, Detection and tracking"
}

%----------bib-by-artigo1-------------------------------------------

@book{pythonmachine,
	title={Python machine learning},
	author={Raschka, Sebastian},
	year={2015},
	publisher={Packt Publishing Ltd}
}

@article{lima2004,
	title={Comit{\^e} de M{\'a}quinas: uma abordagem unificada empregando m{\'a}quinas de vetores-suporte},
	author={Lima, Clodoaldo Aparecido de Moraes and others},
	year={2004},
	publisher={[sn]}
}

@article{DBLP:journals/corr/ZhangBHRV16,
	author    = {Chiyuan Zhang and
	Samy Bengio and
	Moritz Hardt and
	Benjamin Recht and
	Oriol Vinyals},
	title     = {Understanding deep learning requires rethinking generalization},
	journal   = {CoRR},
	volume    = {abs/1611.03530},
	year      = {2016},
	url       = {http://arxiv.org/abs/1611.03530},
	archivePrefix = {arXiv},
	eprint    = {1611.03530},
	timestamp = {Wed, 07 Jun 2017 14:41:04 +0200},
	biburl    = {https://dblp.org/rec/bib/journals/corr/ZhangBHRV16},
	bibsource = {dblp computer science bibliography, https://dblp.org}
}
%----------bib-by-julianaR2V5---------------------------------------

@inproceedings{campos2002mobile,
  title={A mobile manipulator for installation and removal of aircraft warning spheres on aerial power transmission lines},
  author={Campos, Mario FM and Pereira, Guilherme AS and Vale, Samuel RC and Bracarense, Alexandre Q and Pinheiro, Gustavo A and Oliveira, Maur{\'\i}cio P},
  booktitle={Robotics and Automation, 2002. Proceedings. ICRA'02. IEEE International Conference on},
  volume={4},
  pages={3559--3564},
  year={2002},
  organization={IEEE}
}

@inproceedings{zhou2005control,
  title={Control of an inspection robot for 110KV power transmission lines based on expert system design methods},
  author={Zhou, FY and Wang, JD and Li, YB and Wang, J and Xiao, HR},
  booktitle={Control Applications, 2005. CCA 2005. Proceedings of 2005 IEEE Conference on},
  pages={1563--1568},
  year={2005},
  organization={IEEE}
}

@incollection{katrasnik2010climbing,
  title={A climbing-flying robot for power line inspection},
  author={Katrasnik, Jaka and Pernus, Franjo and Likar, Bostjan},
  booktitle={Climbing and Walking Robots},
  year={2010},
  publisher={InTech}
}

@article{li2010autonomous,
  title={Autonomous inspection robot for power transmission lines maintenance while operating on the overhead ground wires},
  author={Li, Zheng and Ruan, Yi},
  journal={International Journal of Advanced Robotic Systems},
  volume={7},
  number={4},
  pages={25},
  year={2010},
  publisher={SAGE Publications Sage UK: London, England}
}

@article{wang2010design,
  title={Design, modeling and control of a biped line-walking robot},
  author={Wang, Ludan and Liu, Fei and Xu, Shaoqiang and Wang, Zhen and Cheng, Sheng and Zhang, Jianwei},
  journal={International Journal of Advanced Robotic Systems},
  volume={7},
  number={4},
  pages={33},
  year={2010},
  publisher={SAGE Publications Sage UK: London, England}
}

@article{gonccalves2013review,
  title={Review and latest trends in mobile robots used on power transmission lines},
  author={Gon{\c{c}}alves, Rog{\'e}rio Sales and Carvalho, Jo{\~a}o Carlos Mendes},
  journal={International Journal of Advanced Robotic Systems},
  volume={10},
  number={12},
  pages={408},
  year={2013},
  publisher={SAGE Publications Sage UK: London, England}
}

@inproceedings{goncalves2010graphical,
  title={Graphical Simulations of a Mobile Robot Suspended on Transmission Lines Using Multibody Systems Software},
  author={Goncalves, Rogerio Sales and Carvalho, Joao Carlos Mendes},
  booktitle={Robotics Symposium and Intelligent Robotic Meeting (LARS), 2010 Latin American},
  pages={1--6},
  year={2010},
  organization={IEEE}
}

@inproceedings{gonccalves2006kinematics,
  title={Kinematics analysis of a four legged robot suspended on wire},
  author={Gon{\c{c}}alves, Rog{\'e}rio Sales and Carvalho, Jo{\~a}o Carlos Mendes and Carvalho, Mendes},
  booktitle={ABCM Symposium Series in Mechatronics},
  volume={2},
  pages={273--280},
  year={2006},
  organization={Citeseer}
}

@article{lee2011development,
  title={Development of transmission line sleeve inspection robot},
  author={Lee, Jae-Kyung and Jung, Nam-Joon and Cho, Byung-Hak},
  journal={World Academy of Science, Engineering and Technology},
  volume={58},
  number={58},
  pages={157--161},
  year={2011}
}

@article{buhringer2010cable,
  title={Cable-crawler--robot for the inspection of high-voltage power lines that can passively roll over mast tops},
  author={B{\"u}hringer, Maleachi and Berchtold, Jan and B{\"u}chel, Melanie and Dold, Claus and B{\"u}tikofer, Michael and Feuerstein, Mevina and Fischer, Wolfgang and Bermes, Christian and Siegwart, Roland},
  journal={Industrial Robot: An International Journal},
  volume={37},
  number={3},
  pages={256--262},
  year={2010},
  publisher={Emerald Group Publishing Limited}
}

@article{dubois2010complex,
  title={Complex metallic alloys: clarity through complexity},
  author={Dubois, Jean-Marie},
  journal={Nature materials},
  volume={9},
  number={4},
  pages={287},
  year={2010},
  publisher={Nature Publishing Group}
}

@article{iirobo,
  title={ROB{\^O} AUTON{\^O}MO PARA INSPE{\c{C}}{\~A}O DE LINHAS DE ALTA TENS{\~A}O},
  author={II, EDUARDO J LIMA and BOMFIM, MARCELO HS and BRACARENSE, ALEXANDRE Q and GONTIJO, ROBERTO A and MOUR{\~A}O, MIGUEL and ALMEIDA, CLEBER VR and BARRETO, ANDREA and REIS, MARCO A}
booktitle={Anais do XX Congresso Brasileiro de Automática, Setembro 20 24 de 2014},
  pages={3166--2173},
  year={2014},
  organization={SBA}
}


@inproceedings{phillips2012autonomous,
  title={Autonomous overhead transmission line inspection robot (TI) development and demonstration},
  author={Phillips, Andrew and Engdahl, Eric and McGuire, Drew and Major, Mark and Bartlett, Glynn},
  booktitle={Applied Robotics for the Power Industry (CARPI), 2012 2nd International Conference on},
  pages={94--95},
  year={2012},
  organization={IEEE}
}


%----------bib-by-pre-thesis----------------------------------------

@phdthesis{pessin2013estrategias,
  title={Estrat{\'e}gias inteligentes aplicadas em rob{\^o}s m{\'o}veis aut{\^o}nomos e em coordena{\c{c}}{\~a}o de grupos de rob{\^o}s},
  author={Pessin, Gustavo},
  year={2013},
  school={Universidade de S{\~a}o Paulo}
 } 
  
@article{brochu2010tutorial,
  title={A tutorial on Bayesian optimization of expensive cost functions, with application to active user modeling and hierarchical reinforcement learning},
  author={Brochu, Eric and Cora, Vlad M and De Freitas, Nando},
  journal={arXiv preprint arXiv:1012.2599},
  year={2010}
}

@article{pagnano2013roadmap,
  title={A roadmap for automated power line inspection. Maintenance and repair},
  author={Pagnano, Angelo and H{\"o}pf, Michael and Teti, Roberto},
  journal={Procedia CIRP},
  volume={12},
  pages={234--239},
  year={2013},
  publisher={Elsevier}
}

@phdthesis{souza2014navegaccao,
  title={Navega{\c{c}}{\~a}o aut{\^o}noma para rob{\^o}s m{\'o}veis usando aprendizado supervisionado.},
  author={Souza, Jefferson Rodrigo de},
  year={2014},
  school={Universidade de S{\~a}o Paulo}
}

@article{marsland2009machine,
  title={Machine Learning, an Algorithmic Perspective, Chapman \& Hall/CRC Machine Learning \& Pattern Recognition},
  author={Marsland, Stephen},
  journal={CRC, Boca Raton, Fla},
  year={2009}
}

@book{asmuth2013model,
  title={Model-based Bayesian reinforcement learning with generalized priors},
  author={Asmuth, John Thomas},
  year={2013},
  publisher={Rutgers The State University of New Jersey-New Brunswick}
}

@article{benicasa2012navegaccao,
  title={Navega{\c{c}}{\~a}o aut{\^o}noma de rob{\^o}s baseada em t{\'e}cnicas de mapeamento e aprendizagem de m{\'a}quina},
  author={Benicasa, Alcides Xavier},
  journal={Revista Brasileira de Computa{\c{c}}{\~a}o Aplicada},
  volume={4},
  number={1},
  pages={102--111},
  year={2012}
}

@inproceedings{rangel2009sistema,
  title={Sistema de Inspecao de Linhas de Transmissao de Energia Electrica Utilizando Veiculos Aereos Nao-Tripulados},
  author={Rangel, Rodrigo K and Kienitz, Karl Heinz and Brand{\~a}o, Mauricio Pazini},
  booktitle={3rd CTA-DLR Workshop on Data Analysis \& Flight Control ocorrido entre},
  pages={14--16},
  year={2009}
}

@inproceedings{debenest2008expliner,
  title={Expliner-Robot for inspection of transmission lines},
  author={Debenest, Paulo and Guarnieri, Michele and Takita, Kensuke and Fukushima, Edwardo F and Hirose, Shigeo and Tamura, Kiyoshi and Kimura, Akihiro and Kubokawa, Hiroshi and Iwama, Narumi and Shiga, Fuminori},
  booktitle={Robotics and Automation, 2008. ICRA 2008. IEEE International Conference on},
  pages={3978--3984},
  year={2008},
  organization={IEEE}
}

@inproceedings{ventrella2003robo,
  title={Rob{\^o} m{\'o}vel aplicado {\`a} inspe{\c{c}}{\~a}o em linhas de transmiss{\~a}o},
  author={Ventrella, AG and Moscato, LA and de Souza, A and dos Santos, MF and Vital, WB},
  booktitle={Anais do II Congresso de Inova{\c{c}}ao Tecnol{\'o}gica em Engenharia El{\'e}trica},
  volume={1},
  year={2003}
}

@article{li2010autonomous,
  title={Autonomous inspection robot for power transmission lines maintenance while operating on the overhead ground wires},
  author={Li, Zheng and Ruan, Yi},
  journal={International Journal of Advanced Robotic Systems},
  volume={7},
  number={4},
  pages={25},
  year={2010},
  publisher={SAGE Publications Sage UK: London, England}
}

@inproceedings{montambault2007design,
  title={Design and validation of a mobile robot for power line inspection and maintenance},
  author={Montambault, Serge and Pouliot, Nicolas},
  booktitle={6th International Conference on Field and Service Robotics-FSR 2007},
  volume={42},
  year={2007},
  organization={Springer}
}

@inproceedings{mourao2015robolinhas,
  title={Robô de inspeção de linhas - D311},
  author={Mourão, Miguel A. M., Lima II, Eduardo J., Bracarense, Alexandre Q., Gontijo, Roberto A., Bomfim, Marcelo H. S., Reis, Marco A., Nascimento, Samy M., Almeida, Cleber V. R., Alcantara, Pedro X., Lepikson, Herman A.},
  booktitle={VII Congresso de Inovação Tecnológica em Energia Elétrica, August 17 - 19, 2015},
  year={2015},
  organization={ANEEL}
}

@MISC{ons2013dados,
  year = {2018},
  url = {http://www.ons.org.br/sites/multimidia/Documentos%20Compartilhados/dados/dados_relevantes_2010/0206_sistema_transmissao.html},
  urlaccessdate = {24/06/2018},
  author = {ONS},
  timestamp = {2018.06.24},
  title = {Dados relevantes do sistema de transmissão 2010 - 2013}
}


%-------------------------------------------------------------------
@MANUAL{frasson:2005:classe_abnt,
  title = {Classe ABNT: Confec{\c c}\~ao de trabalhos acad\^emicos em LATEX
	segundo as normas ABNT Vers\~ao 1.15},
  author = {Miguel V. S. Frasson and Gerald Weber},
  year = {2005},
  howpublished = {http://abntex.codigolivre.org.br}
}

@MISC{janos:2005:algpseudocode,
  month = {Abril},
  year = {2005},
  url = {http://www.tug.org/texlive/Contents/live/texmf-dist/doc/latex/algorithmicx/algorithmicx.pdf},
  urlaccessdate = {29/03/2011},
  author = {Sz\'asz J\'anos},
  owner = {marcos},
  timestamp = {2011.03.29},
  title = {The algorithmicx package}
}

@MISC{cassagojr:1997:amslatex,
  year = {1997},
  url = {http://www.icmc.usp.br/~sma/suporte/Ams-manual.pdf},
  urlaccessdate = {30/03/2011},
  author = {Herminio Cassago Junior and Luiz Carlos Franco},
  owner = {marcos},
  timestamp = {2011.03.30},
  title = {AMS-Latex}
}

@MISC{moses:2006:listings,
  year = {2006},
  url = {http://ftp.tex.ac.uk/tex-archive/macros/latex/contrib/listings/listings.pdf},
  urlaccessdate = {29/03/2011},
  author = {Brooks Moses},
  owner = {marcos},
  timestamp = {2011.03.29},
  title = {The Listings Package}
}

@ELECTRONIC{marcos:site,
  url = {http://sites.google.com/site/ultramarcos},
  urlaccessdate = {01/02/2012},
  author = {Marcos Roberto Ribeiro},
  owner = {marcos},
  timestamp = {05/06/2012}
}

@techreport{usp:logo,
  url = {http://www.scs.usp.br/identidadevisual/wp-content/uploads/myriamkrasilchik_1996.pdf},
  urlaccessdate = {18 nov. 2014},
  year={1996},
  address={SÃ£o Paulo},
  author = {KRASILCHIK, Myriam and Gomes, Celso de Barros and Melo, Francisco In\'acio Homem and Filho, Heliodoro Teixeira Bastos and Katinsky, Julio Roberto and Corr\^ea, Tup\~a Gomes},
  title={A USP e sua identidade visual},
  owner = {USP},
  timestamp = {18/11/2014}
}


@INBOOK{silva:inbook,
  author = {Jos\'e Silva},
  title = {TÃ­tulo do capÃ­tulo do livro},
  editor = {Maria da Silva},
  booktitle = {TÃ­tulo do Livro},
  chapter = {3},
  pages = {102-187},
  publisher = {Nome da Editora},
  address = {Cidade da Editora},
  year = {2011},
  owner = {marcos},
  timestamp = {05/06/2012}
}

@INCOLLECTION{silva:incollection,
  author = {Jos\'e Silva},
  title = {TÃ­tulo do livro},
  booktitle = {TÃ­tulo da ColetÃ¢nea},
  editor = {Maria da Silva},
  pages = {350},
  publisher = {Nome da Editora},
  address = {Cidade da Editora},
  year = {2011},
  owner = {marcos},
  timestamp = {05/06/2012}
}

@INPROCEEDINGS{silva:inproceedings,
  author = {Jos\'e Silva},
  title = {TÃ­tulo do trabalho},
  organization = {Nome do evento},
  conference-number = {20},
  year = {2011},
  address = {Cidade do Evento},
  owner = {marcos},
  timestamp = {05/06/2012}
}

@MASTERSTHESIS{silva:master,
  author = {Jos\'e Silva},
  title = {TÃ­tulo da dissertaÃ§Ã£o},
  school = {Instituto Federal Minas Gerais - Campus BambuÃ­},
  year = {2011},
  address = {BambuÃ­},
  owner = {marcos},
  timestamp = {05/06/2012}
}

@MONOGRAPHY{silva:monography,
  author = {Jos\'e Silva},
  title = {TÃ­tulo da monografia},
  type = {GraduaÃ§Ã£o},
  school = {Instituto Federal Minas Gerais - Campus BambuÃ­},
  year = {2011},
  address = {BambuÃ­},
  owner = {marcos},
  timestamp = {05/06/2012}
}

@TECHREPORT{silva:tech,
  author = {Jos\'e Silva},
  title = {TÃ­tulo do relatÃ³rio tÃ©cnico},
  organization = {Instituto Federal Minas Gerais - Campus BambuÃ­},
  year = {2011},
  address = {BambuÃ­},
  owner = {marcos},
  timestamp = {05/06/2012}
}

@ARTICLE{silva:artigo,
  author = {Jos\'e Silva and Maria Silva},
  title = {TÃ­tulo do artigo},
  journal = {Nome da Revista},
  year = {2012},
  volume = {I},
  number = {2},
  pages = {37-48},
  owner = {marcos},
  timestamp = {05/06/2012}
}

@BOOKLET{silva:booklet,
  title = {TÃ­tulo do trabalho sem editora},
  author = {Jos\'e Silva and Maria Silva},
  year = {2012},
  owner = {marcos},
  timestamp = {05/06/2012}
}

@MANUAL{silveira:2006:manual_tcc,
  title = {Manual de NormalizaÃ§Ã£o para ApresentaÃ§Ã£o de Trabalho de ConclusÃ£o
	de Curso (TCC)},
  author = {Simoni J\'ulia da Silveira},
  organization = {Centro Federal de Educa{\c c}\~ao Tecnol\'ogica de Bambu\'i},
  address = {BambuÃ­},
  year = {2006},
  owner = {marcos},
  timestamp = {2011.03.23}
}

@BOOK{wazlawick:2009,
  title = {Metodologia de pesquisa para ciÃªncia da computaÃ§Ã£o},
  author = {Wazlawick, Raul Sidnei},
  publisher = {Elsevier},
  year = {2009},
  address = {Rio de Janeiro},
  owner = {marcos},
  timestamp = {05/06/2012}
}

@MISC{wikipedia:2011:america_sul,
  year = {2011},
  url = {http://pt.wikipedia.org/wiki/AmÃ©rica do Sul},
  urlaccessdate = {23/03/2011},
  author = {Wikip\'edia},
  owner = {marcos},
  timestamp = {2011.03.23},
  title = {Am\'erica do Sul}
}

@comment{jabref-entrytype: Monography: req[author;title;type;school;year;address] opt[pages;pagename;url;urlaccessdate;note]}


@manual{NBR14724:2011,
Address = {Rio de Janeiro},
Date-Added = {2013-03-18 14:19:32 +0000},
Date-Modified = {2013-03-18 14:20:15 +0000},
Month = mar,
Org-Short = {ABNT},
Organization = {Associa{\c c}\~ao Brasileira de Normas T\'ecnicas},
Pages = 15,
Subtitle = {Informa{\c c}\~ao e documenta{\c c}\~ao --- Trabalhos acad\^emicos --- Apresenta{\c c}\~ao},
Title = {{ABNT NBR} 14724:2011},
Year = 2011}


@manual{NBR6024:2012,
Address = {Rio de Janeiro},
Date-Added = {2013-03-18 13:32:00 +0000},
Date-Modified = {2013-03-18 13:33:17 +0000},
Month = feb,
Org-Short = {ABNT},
Organization = {Associa{\c c}\~ao Brasileira de Normas T\'ecnicas},
Pages = 4,
Subtitle = {Informa{\c c}\~ao e Documenta{\c c}\~ao - Numera{\c c}\~ao progressiva das se{\c c}\~oes de um documento - Apresenta{\c c}\~ao},
Title = {{ABNT NBR} 6024: 2012},
Year = 2012}


@book{ibge1993,
	Address = {Rio de Janeiro},
	Author = {IBGE},
	Date-Added = {2013-08-21 13:48:18 +0000},
	Date-Modified = {2013-08-21 13:55:50 +0000},
	Edition = {3},
	Organization = {http://biblioteca.ibge.gov.br/visualizacao/livros/liv23907.pdf},
	Publisher = {Centro de Documenta{\c c}{\~a}o e Dissemina{\c c}{\~a}o de Informa{\c c}{\~o}es. Funda{\c c}{\~a}o Intituto Brasileiro de Geografia e Estat{\'\i}stica},
	Title = {Normas de apresenta{\c c}{\~a}o tabular},
	Urlaccessdate = {21 ago 2013},
	Year = {1993}}


@manual{abntex2classe,
Annote = {Este documento substitui o \cite{abnt-classe-doc}},
Author = {abnTeX2 and Lauro C{\'e}sar Araujo},
Date-Added = {2012-12-19 13:08:40 +0000},
Date-Modified = {2013-04-05 11:03:25 +0000},
Organization = {Equipe abnTeX2},
Title = {A classe abntex2: Modelo can{\^o}nico de trabalhos acad{\^e}micos brasileiros compat{\'\i}vel com as normas ABNT NBR 14724:2011, ABNT NBR 6024:2012 e outras},
Url = {http://abntex2.googlecode.com/},
Year = {2012},
Bdsk-Url-1 = {http://code.google.com/p/abntex2/}}

@manual{NBR10520:2002,
	Address = {Rio de Janeiro},
	Date-Added = {2012-12-15 21:43:38 +0000},
	Date-Modified = {2013-01-12 22:17:20 +0000},
	Month = {ago.},
	Org-Short = {ABNT},
	Organization = {Associa{\c c}\~ao Brasileira de Normas T\'ecnicas},
	Pages = 7,
	Subtitle = {Informa{\c c}\~ao e documenta{\c c}\~ao --- Apresenta{\c c}\~ao de cita{\c c}\~oes em documentos},
	Title = {{NBR} 10520},
	Year = 2002}
	
@manual{abntex2cite-alf,
	Annote = {Este documento {\'e} derivado do \cite{abnt-bibtex-alf-doc}},
	Author = {abnTeX2 and Lauro C{\'e}sar Araujo},
	Date-Added = {2013-01-09 10:37:45 +0000},
	Date-Modified = {2013-04-05 11:03:05 +0000},
	Organization = {Equipe abnTeX2},
	Title = {O pacote abntex2cite: t{\'o}picos espec{\'\i}ficos da ABNT NBR 10520:2002 e o estilo bibliogr{\'a}fico alfab{\'e}tico (sistema autor-data)},
	Url = {http://abntex2.googlecode.com/},
	Year = {2013},
	Bdsk-Url-1 = {http://code.google.com/p/abntex2/}}	
	
	@manual{babel,
	Author = {Johannes Braams},
	Date-Added = {2013-02-17 13:37:14 +0000},
	Date-Modified = {2013-02-17 13:38:38 +0000},
	Month = {Apr.},
	Title = {Babel, a multilingual package for use with LATEX's standard document classes},
	Url = {http://mirrors.ctan.org/info/babel/babel.pdf},
	Urlaccessdate = {17 fev. 2013},
	Year = {2008},
	Bdsk-Url-1 = {http://mirrors.ctan.org/info/babel/babel.pdf}}
	
% Exemplos 

 @book{10520:2000:4.1-1,
 author  ={X. Y. Z. Authler-Reiriz},
 year    =1982,
 title   ={Exemplo de cita{\c c}\~ao no texto}}
 @book{10520:2000:4.1-2,
 author  ={X. Y. Z. Derrida},
 year    =1967,
 title   ={Exemplo de cita{\c c}\~ao no texto},
 pages   =293}
@book{10520:2000:4.1-3,
 year    =1978,
 title   ={Depoimento sobre qualquer coisa},
 pages   ={101-114}}
 @book{10520:2000:4.2-2,
 author  ={X. Y. Z. Oliveira and X. Y. Z. Leonardos},
 year    =1943,
 title   ={Exemplo de cita{\c c}\~ao no texto}}
@book{fu1987robotics,
	title={Robotics: Control Sensing. Vis.},
	author={Fu, King Sun and Gonzalez, Ralph and Lee, CS George},
	year={1987},
	publisher={Tata McGraw-Hill Education}
}

@article{aristoteles1985traduccao,
	title={Tradu{\c{c}}{\~a}o de M{\'a}rio da Gama Kury},
	author={ARIST{\'O}TELES, Pol{\'\i}tica},
	journal={Bras{\'\i}lia: Editora Universidade de Bras{\'\i}lia},
	year={1985}
}

@article{iso2012,
	title={8373: 2012. Robots and robotic devices--Vocabulary},
	author={DIS, ISO},
	journal={International Standardization Organization (ISO)},
	year={2012}
}

@techreport{romanorobotica,
	title={Rob{\'o}tica industrial: aplica{\c{c}}{\~a}o na ind{\'u}stria de manufatura e de processos. S{\~a}o Paulo: E. Bl{\"u}cher, 2002. 256 p},
	author={ROMANO, Vitor Ferreira},
	institution={ISBN 85-212-0315-2}
}

@book{vcapek2014rur,
	title={RUR (Rossumovi univerz{\'a}ln{\'\i} roboti)},
	author={{\v{C}}apek, Karel},
	year={2014},
	publisher={Animedia Company}
}

@article{denavit1955kinematic,
	title={Kinematic modelling for robot calibration},
	author={Denavit, J and Hartenberg, RS},
	journal={Trans. ASME Journal of Applyed Mechanics},
	volume={22},
	pages={215--221},
	year={1955}
}

@article{atlas_aneel,
	title={Ag{\^e}ncia Nacional de Energia El{\'e}trica},
	author={ANEEL, Atlas de Energia El{\'e}trica},
	journal={ANEEL, Bras{\'\i}lia, Brasil. 3aEd},
	year={2008}
}


@article{bronzatti_matrizes,
	title={Matrizes energ{\'e}ticas no Brasil: cen{\'a}rio 2010-2030},
	author={Bronzatti, Fabricio Luiz and IAROZINSKI NETO, Alfredo},
	journal={Encontro Nacional de Engenharia de Produ{\c{c}}{\~a}o},
	volume={28},
	year={2008}
}

@article{rangel2009sistema,
	title={Sistema de Inspecao de Linhas de Transmissao de Energia Electrica Utilizando Veiculos Aereos Nao-Tripulados},
	author={Rangel, Rodrigo K and Kienitz, Karl Heinz and Brand{\~a}o, Mauricio Pazini},
	year={2009},
	publisher={Sep}
}

@article{cinematicajuliana,
	title={Robo de Inspecao de Linhas de Transmissao: Analise Geometrica e Cinematica},
	author={Juliana Ribeiro Tourinho Dantas Sartori},
	year={2018},
	publisher={Jul}
}
@report{epe_site,
	author = {EPE},
	title = {Matriz Energ{\'e}tica Brasileira},
	type = {Empresa de Pesquisa Energ{\'e}tica},
	institution = {EPE},
	year = {2018},
	url = {www. epe. gov. br}
}
